[gd_scene load_steps=6 format=2]

[ext_resource path="res://assets/image/btn_lvl_2.png" type="Texture" id=1]
[ext_resource path="res://assets/image/bg_menu.png" type="Texture" id=2]
[ext_resource path="res://assets/image/btn_lvl_3.png" type="Texture" id=3]
[ext_resource path="res://assets/image/btn_lvl_1.png" type="Texture" id=4]
[ext_resource path="res://script/Levels.gd" type="Script" id=5]

[node name="Levels" type="Control"]
anchor_right = 1.0
anchor_bottom = 1.0
script = ExtResource( 5 )
__meta__ = {
"_edit_use_anchors_": false
}

[node name="TextureRect" type="TextureRect" parent="."]
anchor_right = 1.0
anchor_bottom = 1.0
texture = ExtResource( 2 )
expand = true
stretch_mode = 7
__meta__ = {
"_edit_use_anchors_": false
}

[node name="BtnLvl1" type="Button" parent="."]
anchor_left = 0.5
anchor_top = 0.5
anchor_right = 0.5
anchor_bottom = 0.5
margin_left = -500.0
margin_top = -240.0
margin_right = -220.0
margin_bottom = 320.0
focus_mode = 0
shortcut_in_tooltip = false
enabled_focus_mode = 0
flat = true
__meta__ = {
"_edit_group_": true,
"_edit_use_anchors_": false
}

[node name="TextureRect" type="TextureRect" parent="BtnLvl1"]
anchor_left = 0.5
anchor_top = 0.5
anchor_right = 0.5
anchor_bottom = 0.5
margin_left = -156.0
margin_top = -287.5
margin_right = 156.0
margin_bottom = 297.5
texture = ExtResource( 4 )
__meta__ = {
"_edit_use_anchors_": false
}

[node name="BtnLvl2" type="Button" parent="."]
anchor_left = 0.5
anchor_top = 0.5
anchor_right = 0.5
anchor_bottom = 0.5
margin_left = -140.0
margin_top = -240.0
margin_right = 140.0
margin_bottom = 320.0
focus_mode = 0
shortcut_in_tooltip = false
enabled_focus_mode = 0
flat = true
__meta__ = {
"_edit_group_": true,
"_edit_use_anchors_": false
}

[node name="TextureRect" type="TextureRect" parent="BtnLvl2"]
anchor_left = 0.5
anchor_top = 0.5
anchor_right = 0.5
anchor_bottom = 0.5
margin_left = -156.0
margin_top = -289.5
margin_right = 156.0
margin_bottom = 299.5
texture = ExtResource( 1 )
__meta__ = {
"_edit_use_anchors_": false
}

[node name="BtnLvl3" type="Button" parent="."]
anchor_left = 0.5
anchor_top = 0.5
anchor_right = 0.5
anchor_bottom = 0.5
margin_left = 220.0
margin_top = -240.0
margin_right = 500.0
margin_bottom = 320.0
focus_mode = 0
shortcut_in_tooltip = false
enabled_focus_mode = 0
flat = true
__meta__ = {
"_edit_group_": true,
"_edit_use_anchors_": false
}

[node name="TextureRect" type="TextureRect" parent="BtnLvl3"]
anchor_left = 0.5
anchor_top = 0.5
anchor_right = 0.5
anchor_bottom = 0.5
margin_left = -156.0
margin_top = -289.5
margin_right = 156.0
margin_bottom = 299.5
texture = ExtResource( 3 )
__meta__ = {
"_edit_use_anchors_": false
}
[connection signal="pressed" from="BtnLvl1" to="." method="_on_BtnLvl1_pressed"]
[connection signal="pressed" from="BtnLvl2" to="." method="_on_BtnLvl2_pressed"]
